@article{seq_assembly_demystified,
  doi = {10.1038/nrg3367},
  url = {https://doi.org/10.1038/nrg3367},
  year = {2013},
  month = jan,
  publisher = {Springer Nature},
  volume = {14},
  number = {3},
  pages = {157--167},
  author = {Niranjan Nagarajan and Mihai Pop},
  title = {Sequence assembly demystified},
  journal = {Nature Reviews Genetics}
}

@article{longread_dark_matter,
  doi = {10.1038/s41576-018-0003-4},
  url = {https://doi.org/10.1038/s41576-018-0003-4},
  year = {2018},
  month = mar,
  publisher = {Springer Nature},
  volume = {19},
  number = {6},
  pages = {329--346},
  author = {Fritz J. Sedlazeck and Hayan Lee and Charlotte A. Darby and Michael C. Schatz},
  title = {Piercing the dark matter: bioinformatics of long-range sequencing and mapping},
  journal = {Nature Reviews Genetics}
}

@article{nanopore_read_accuracy,
  doi = {10.1186/s13059-018-1462-9},
  url = {https://doi.org/10.1186/s13059-018-1462-9},
  year = {2018},
  month = jul,
  publisher = {Springer Nature},
  volume = {19},
  number = {1},
  author = {Franka J. Rang and Wigard P. Kloosterman and Jeroen de Ridder},
  title = {From squiggle to basepair: computational approaches for improving nanopore sequencing read accuracy},
  journal = {Genome Biology}
}

@article{string_graph,
  doi = {10.1093/bioinformatics/bti1114},
  url = {https://doi.org/10.1093/bioinformatics/bti1114},
  year = {2005},
  month = sep,
  publisher = {Oxford University Press ({OUP})},
  volume = {21},
  number = {Suppl 2},
  pages = {ii79--ii85},
  author = {E. W. Myers},
  title = {The fragment assembly string graph},
  journal = {Bioinformatics}
}

@article{eulerian_approach,
  doi = {10.1073/pnas.171285098},
  url = {https://doi.org/10.1073/pnas.171285098},
  year = {2001},
  month = aug,
  publisher = {Proceedings of the National Academy of Sciences},
  volume = {98},
  number = {17},
  pages = {9748--9753},
  author = {P. A. Pevzner and H. Tang and M. S. Waterman},
  title = {An Eulerian path approach to {DNA} fragment assembly},
  journal = {Proceedings of the National Academy of Sciences}
}

@article{ovl_bench,
  doi = {10.1093/bioinformatics/btw811},
  url = {https://doi.org/10.1093/bioinformatics/btw811},
  year = {2016},
  month = dec,
  publisher = {Oxford University Press ({OUP})},
  pages = {btw811},
  author = {Justin Chu and Hamid Mohamadi and Ren{\'{e}} L. Warren and Chen Yang and Inan{\c{c}} Birol},
  title = {Innovations and challenges in detecting long read overlaps: an evaluation of the state-of-the-art},
  journal = {Bioinformatics}
}

@misc{blog_post_error_repartition,
author = {Myers, Gene},
title = {Intrinsic Quality Values},
journal = {Dazzlerblog},
type = {Blog},
number = {November 6},
year = {2015},
howpublished = {\url{https://dazzlerblog.wordpress.com/2015/11/06/intrinsic-quality-values/}}
}

@article{sanger_sequencing,
author="Sanger, F.  and Air, G. M.  and Barrell, B. G.  and Brown, N. L.  and Coulson, A. R.  and Fiddes, C. A.  and Hutchison, C. A.  and Slocombe, P. M.  and Smith, M. ",
title="{{N}ucleotide sequence of bacteriophage phi {X}174 {D}{N}{A}}",
journal="Nature",
year="1977",
volume="265",
number="5596",
pages="687--695",
month="Feb"
}

@article{one_chromosome_one_contig,
  doi = {10.1016/j.mib.2014.11.014},
  url = {https://doi.org/10.1016/j.mib.2014.11.014},
  year = {2015},
  month = feb,
  publisher = {Elsevier {BV}},
  volume = {23},
  pages = {110--120},
  author = {Sergey Koren and Adam M Phillippy},
  title = {One chromosome,  one contig: complete microbial genomes from long-read sequencing and assembly},
  journal = {Current Opinion in Microbiology}
}

@article{repetition_in_prokaryote,
  doi = {10.1111/j.1574-6976.2009.00169.x},
  url = {https://doi.org/10.1111/j.1574-6976.2009.00169.x},
  year  = {2009},
  month = {may},
  publisher = {Oxford University Press ({OUP})},
  volume = {33},
  number = {3},
  pages = {539--571},
  author = {Todd J. Treangen and Anne-Laure Abraham and Marie Touchon and Eduardo P.C. Rocha},
  title = {Genesis,  effects and fates of repeats in prokaryotic genomes},
  journal = {{FEMS} Microbiology Reviews}
}

@inproceedings{fm-index,
  title={An experimental study of an opportunistic index},
  author={Ferragina, Paolo and Manzini, Giovanni},
  booktitle={Proceedings of the twelfth annual ACM-SIAM symposium on Discrete algorithms},
  pages={269--278},
  year={2001},
  organization={Society for Industrial and Applied Mathematics}
}

@article{smith_waterman,
title = "Identification of common molecular subsequences",
journal = "Journal of Molecular Biology",
volume = "147",
number = "1",
pages = "195 - 197",
year = "1981",
issn = "0022-2836",
doi = "https://doi.org/10.1016/0022-2836(81)90087-5",
url = "http://www.sciencedirect.com/science/article/pii/0022283681900875",
author = "T.F. Smith and M.S. Waterman"
}

@misc{long_read_assembler_comparison,
  author       = {Ryan Wick},
  title        = {{rrwick/Long-read-assembler-comparison: Initial 
                   release}},
  month        = may,
  year         = 2019,
  doi          = {10.5281/zenodo.2702443},
  url          = {https://doi.org/10.5281/zenodo.2702443}
}