@article{seq_assembly_demystified,
  doi = {10.1038/nrg3367},
  url = {https://doi.org/10.1038/nrg3367},
  year = {2013},
  month = jan,
  publisher = {Springer Nature},
  volume = {14},
  number = {3},
  pages = {157--167},
  author = {Niranjan Nagarajan and Mihai Pop},
  title = {Sequence assembly demystified},
  journal = {Nature Reviews Genetics}
}

@article{longread_dark_matter,
  doi = {10.1038/s41576-018-0003-4},
  url = {https://doi.org/10.1038/s41576-018-0003-4},
  year = {2018},
  month = mar,
  publisher = {Springer Nature},
  volume = {19},
  number = {6},
  pages = {329--346},
  author = {Fritz J. Sedlazeck and Hayan Lee and Charlotte A. Darby and Michael C. Schatz},
  title = {Piercing the dark matter: bioinformatics of long-range sequencing and mapping},
  journal = {Nature Reviews Genetics}
}

@article{nanopore_read_accuracy,
  doi = {10.1186/s13059-018-1462-9},
  url = {https://doi.org/10.1186/s13059-018-1462-9},
  year = {2018},
  month = jul,
  publisher = {Springer Nature},
  volume = {19},
  number = {1},
  author = {Franka J. Rang and Wigard P. Kloosterman and Jeroen de Ridder},
  title = {From squiggle to basepair: computational approaches for improving nanopore sequencing read accuracy},
  journal = {Genome Biology}
}

@article{string_graph,
  doi = {10.1093/bioinformatics/bti1114},
  url = {https://doi.org/10.1093/bioinformatics/bti1114},
  year = {2005},
  month = sep,
  publisher = {Oxford University Press ({OUP})},
  volume = {21},
  number = {Suppl 2},
  pages = {ii79--ii85},
  author = {E. W. Myers},
  title = {The fragment assembly string graph},
  journal = {Bioinformatics}
}

@article{eulerian_approach,
  doi = {10.1073/pnas.171285098},
  url = {https://doi.org/10.1073/pnas.171285098},
  year = {2001},
  month = aug,
  publisher = {Proceedings of the National Academy of Sciences},
  volume = {98},
  number = {17},
  pages = {9748--9753},
  author = {P. A. Pevzner and H. Tang and M. S. Waterman},
  title = {An Eulerian path approach to {DNA} fragment assembly},
  journal = {Proceedings of the National Academy of Sciences}
}