@article{celera_first,
  doi = {10.1126/science.287.5461.2196},
  url = {https://doi.org/10.1126/science.287.5461.2196},
  year = {2000},
  month = mar,
  publisher = {American Association for the Advancement of Science ({AAAS})},
  volume = {287},
  number = {5461},
  pages = {2196--2204},
  author = {E. W. Myers},
  title = {A Whole-Genome Assembly of Drosophila},
  journal = {Science}
}

@article{celera_second,
  doi = {10.1093/bioinformatics/btn548},
  url = {https://doi.org/10.1093/bioinformatics/btn548},
  year = {2008},
  month = oct,
  publisher = {Oxford University Press ({OUP})},
  volume = {24},
  number = {24},
  pages = {2818--2824},
  author = {Jason R. Miller and Arthur L. Delcher and Sergey Koren and Eli Venter and Brian P. Walenz and Anushka Brownley and Justin Johnson and Kelvin Li and Clark Mobarry and Granger Sutton},
  title = {Aggressive assembly of pyrosequencing reads with mates},
  journal = {Bioinformatics}
}

@article{mash_distance,
  doi = {10.1186/s13059-016-0997-x},
  url = {https://doi.org/10.1186/s13059-016-0997-x},
  year = {2016},
  month = jun,
  publisher = {Springer Nature},
  volume = {17},
  number = {1},
  author = {Brian D. Ondov and Todd J. Treangen and P{\'{a}}ll Melsted and Adam B. Mallonee and Nicholas H. Bergman and Sergey Koren and Adam M. Phillippy},
  title = {Mash: fast genome and metagenome distance estimation using {MinHash}},
  journal = {Genome Biology}
}

@article{falcon,
  doi = {10.1038/nmeth.4035},
  url = {https://doi.org/10.1038/nmeth.4035},
  year = {2016},
  month = oct,
  publisher = {Springer Nature},
  volume = {13},
  number = {12},
  pages = {1050--1054},
  author = {Chen-Shan Chin and Paul Peluso and Fritz J Sedlazeck and Maria Nattestad and Gregory T Concepcion and Alicia Clum and Christopher Dunn and Ronan O'Malley and Rosa Figueroa-Balderas and Abraham Morales-Cruz and Grant R Cramer and Massimo Delledonne and Chongyuan Luo and Joseph R Ecker and Dario Cantu and David R Rank and Michael C Schatz},
  title = {Phased diploid genome assembly with single-molecule real-time sequencing},
  journal = {Nature Methods}
}

@article{hgap,
  doi = {10.1038/nmeth.2474},
  url = {https://doi.org/10.1038/nmeth.2474},
  year = {2013},
  month = may,
  publisher = {Springer Nature},
  volume = {10},
  number = {6},
  pages = {563--569},
  author = {Chen-Shan Chin and David H Alexander and Patrick Marks and Aaron A Klammer and James Drake and Cheryl Heiner and Alicia Clum and Alex Copeland and John Huddleston and Evan E Eichler and Stephen W Turner and Jonas Korlach},
  title = {Nonhybrid,  finished microbial genome assemblies from long-read {SMRT} sequencing data},
  journal = {Nature Methods}
}

@article{poa,
  doi = {10.1093/bioinformatics/18.3.452},
  url = {https://doi.org/10.1093/bioinformatics/18.3.452},
  year = {2002},
  month = mar,
  publisher = {Oxford University Press ({OUP})},
  volume = {18},
  number = {3},
  pages = {452--464},
  author = {C. Lee and C. Grasso and M. F. Sharlow},
  title = {Multiple sequence alignment using partial order graphs},
  journal = {Bioinformatics}
}

@article{miniasm_minimap,
  doi = {10.1093/bioinformatics/btw152},
  url = {https://doi.org/10.1093/bioinformatics/btw152},
  year = {2016},
  month = mar,
  publisher = {Oxford University Press ({OUP})},
  volume = {32},
  number = {14},
  pages = {2103--2110},
  author = {Heng Li},
  title = {Minimap and miniasm: fast mapping and de novo assembly for noisy long sequences},
  journal = {Bioinformatics}
}

@article{minimap2,
  doi = {10.1093/bioinformatics/bty191},
  url = {https://doi.org/10.1093/bioinformatics/bty191},
  year = {2018},
  month = may,
  publisher = {Oxford University Press ({OUP})},
  volume = {34},
  number = {18},
  pages = {3094--3100},
  author = {Heng Li},
  editor = {Inanc Birol},
  title = {Minimap2: pairwise alignment for nucleotide sequences},
  journal = {Bioinformatics}
}