@article{tse,
author = {Bresler, Guy and Bresler, Ma'ayan and Tse, David},
year = {2013},
month = {07},
pages = {},
title = {Optimal Assembly for High Throughput Shotgun Sequencing},
volume = {14},
journal = {BMC Bioinformatics}
}


@article{Loman2015complete,
  doi = {10.1038/nmeth.3444},
  url = {https://doi.org/10.1038/nmeth.3444},
  year  = {2015},
  month = {jun},
  publisher = {Springer Nature},
  volume = {12},
  number = {8},
  pages = {733--735},
  author = {Nicholas J Loman and Joshua Quick and Jared T Simpson},
  title = {A complete bacterial genome assembled de novo using only nanopore sequencing data},
  journal = {Nature Methods}
}

@article{racon,
  doi = {10.1101/gr.214270.116},
  url = {https://doi.org/10.1101/gr.214270.116},
  year  = {2017},
  month = {jan},
  publisher = {Cold Spring Harbor Laboratory},
  volume = {27},
  number = {5},
  pages = {737--746},
  author = {Robert Vaser and Ivan Sovi{\'{c}} and Niranjan Nagarajan and Mile {\v{S}}iki{\'{c}}},
  title = {Fast and accurate de novo genome assembly from long uncorrected reads},
  journal = {Genome Research}
}


@article{myers2005fragment,
  title={The Fragment Assembly String Graph},
  author={Gene Myers},
  journal={Bioinformatics},
  volume={21},
  number={suppl\_2},
  pages={ii79--ii85},
  year={2005},
  publisher={Oxford University Press}
}

@article{amosvalidate,
  doi = {10.1186/gb-2008-9-3-r55},
  url = {https://doi.org/10.1186/gb-2008-9-3-r55},
  year  = {2008},
  publisher = {Springer Nature},
  volume = {9},
  number = {3},
  pages = {R55},
  author = {Adam M Phillippy and Michael C Schatz and Mihai Pop},
  title = {Genome assembly forensics: finding the elusive mis-assembly},
  journal = {Genome Biology}
}

@article{olson2017metagenomic,
  doi = {10.1093/bib/bbx098},
  url = {https://doi.org/10.1093/bib/bbx098},
  year  = {2017},
  month = {aug},
  publisher = {Oxford University Press ({OUP})},
  author = {Nathan D. Olson and others},
  title = {Metagenomic assembly through the lens of validation: recent advances in assessing and improving the quality of genomes assembled from metagenomes},
  journal = {Briefings in Bioinformatics}
}

@article{1chr1contig,
  doi = {10.1016/j.mib.2014.11.014},
  url = {https://doi.org/10.1016/j.mib.2014.11.014},
  year  = {2015},
  publisher = {Elsevier {BV}},
  volume = {23},
  pages = {110--120},
  author = {Sergey Koren and Adam M Phillippy},
  title = {One Chromosome,  One Contig: Complete Microbial Genomes from Long-Read Sequencing and Assembly},
  journal = {Current Opinion in Microbiology}
}

@article{bandage,
  doi = {10.1093/bioinformatics/btv383},
  url = {https://doi.org/10.1093/bioinformatics/btv383},
  year  = {2015},
  month = {jun},
  publisher = {Oxford University Press ({OUP})},
  volume = {31},
  number = {20},
  pages = {3350--3352},
  author = {Ryan R. Wick and others},
  title = {Bandage: interactive visualization ofde novogenome assemblies: Fig. 1.},
  journal = {Bioinformatics}
}

@article{canu,
  doi = {10.1101/gr.215087.116},
  url = {https://doi.org/10.1101/gr.215087.116},
  year  = {2017},
  month = {mar},
  publisher = {Cold Spring Harbor Laboratory},
  volume = {27},
  number = {5},
  pages = {722--736},
  author = {Sergey Koren and Brian P. Walenz and Konstantin Berlin and Jason R. Miller and Nicholas H. Bergman and Adam M. Phillippy},
  title = {Canu: scalable and accurate long-read assembly via adaptive k-mer weighting and repeat separation},
  journal = {Genome Research}
}

@article{miniasm,
  doi = {10.1093/bioinformatics/btw152},
  url = {https://doi.org/10.1093/bioinformatics/btw152},
  year  = {2016},
  publisher = {Oxford University Press ({OUP})},
  volume = {32},
  number = {14},
  pages = {2103--2110},
  author = {Heng Li},
  title = {\minimap and \miniasm: Fast Mapping and \textit{de novo} Assembly for Noisy Long Sequences},
  journal = {Bioinformatics}
}

@article{hinge,
    doi = {10.1101/gr.216465.116},
  url = {https://doi.org/10.1101/gr.216465.116},
  year  = {2017},
  month = {mar},
  publisher = {Cold Spring Harbor Laboratory},
  volume = {27},
  number = {5},
  pages = {747--756},
  author = {Govinda M. Kamath and others},
  title = {{HINGE}: long-read assembly achieves optimal repeat resolution},
  journal = {Genome Research}
}

@article{unicycler,
  doi = {10.1371/journal.pcbi.1005595},
  url = {https://doi.org/10.1371/journal.pcbi.1005595},
  year  = {2017},
  month = {jun},
  publisher = {Public Library of Science ({PLoS})},
  volume = {13},
  number = {6},
  pages = {e1005595},
  author = {Ryan R. Wick and others},
  editor = {Adam M. Phillippy},
  title = {Unicycler: Resolving bacterial genome assemblies from short and long sequencing reads},
  journal = {{PLOS} Computational Biology}
}

@article{falconsense,
  doi = {10.1038/nmeth.4035},
  url = {https://doi.org/10.1038/nmeth.4035},
  year  = {2016},
  month = {oct},
  publisher = {Springer Nature},
  volume = {13},
  number = {12},
  pages = {1050--1054},
  author = {Chen-Shan Chin and others},
  title = {Phased diploid genome assembly with single-molecule real-time sequencing},
  journal = {Nature Methods}
}

@article{longislnd,
  doi = {10.1093/bioinformatics/btw602},
  url = {https://doi.org/10.1093/bioinformatics/btw602},
  year  = {2016},
  month = {sep},
  publisher = {Oxford University Press ({OUP})},
  volume = {32},
  number = {24},
  pages = {3829--3832},
  author = {Bayo Lau and others},
  title = {{LongISLND}:in silicosequencing of lengthy and noisy datatypes},
  journal = {Bioinformatics}
}

@article{cabog,
  doi = {10.1093/bioinformatics/btn548},
  url = {https://doi.org/10.1093/bioinformatics/btn548},
  year  = {2008},
  month = {oct},
  publisher = {Oxford University Press ({OUP})},
  volume = {24},
  number = {24},
  pages = {2818--2824},
  author = {Jason R. Miller and others},
  title = {Aggressive assembly of pyrosequencing reads with mates},
  journal = {Bioinformatics}
}

@article{quiver,
  doi = {10.1038/nmeth.2474},
  url = {https://doi.org/10.1038/nmeth.2474},
  year  = {2013},
  month = {may},
  publisher = {Springer Nature},
  volume = {10},
  number = {6},
  pages = {563--569},
  author = {Chen-Shan Chin and others},
  title = {Nonhybrid,  finished microbial genome assemblies from long-read {SMRT} sequencing data},
  journal = {Nature Methods}
}

@misc{bwamem,
Author = {Heng Li},
Title = {Aligning Sequence Reads, Clone Sequences and Assembly Contigs with {BWA-MEM}},
Year = {2013},
Eprint = {arXiv:1303.3997},
}

@article{spades,
  doi = {10.1089/cmb.2012.0021},
  url = {https://doi.org/10.1089/cmb.2012.0021},
  year  = {2012},
  month = {may},
  publisher = {Mary Ann Liebert Inc},
  volume = {19},
  number = {5},
  pages = {455--477},
  author = {Anton Bankevich and others},
  title = {{SPAdes}: A New Genome Assembly Algorithm and Its Applications to Single-Cell Sequencing},
  journal = {Journal of Computational Biology}
}

@article{busco,
  doi = {10.1093/bioinformatics/btv351},
  url = {https://doi.org/10.1093/bioinformatics/btv351},
  year  = {2015},
  month = {jun},
  publisher = {Oxford University Press ({OUP})},
  volume = {31},
  number = {19},
  pages = {3210--3212},
  author = {Felipe A. Sim{\~{a}}o and Robert M. Waterhouse and Panagiotis Ioannidis and Evgenia V. Kriventseva and Evgeny M. Zdobnov},
  title = {{BUSCO}: assessing genome assembly and annotation completeness with single-copy orthologs},
  journal = {Bioinformatics}
}

@article{dbg2olc,
  doi = {10.1038/srep31900},
  url = {https://doi.org/10.1038/srep31900},
  year  = {2016},
  month = {aug},
  publisher = {Springer Nature},
  volume = {6},
  number = {1},
  author = {Chengxi Ye and Christopher M. Hill and Shigang Wu and Jue Ruan and Zhanshan Ma},
  title = {{DBG}2OLC: Efficient Assembly of Large Genomes Using Long Erroneous Reads of the Third Generation Sequencing Technologies},
  journal = {Scientific Reports}
}

@article{blast,
  doi = {10.1093/bioinformatics/btn322},
  url = {https://doi.org/10.1093/bioinformatics/btn322},
  year  = {2008},
  month = {jun},
  publisher = {Oxford University Press ({OUP})},
  volume = {24},
  number = {16},
  pages = {1757--1764},
  author = {Aleksandr Morgulis and others},
  title = {Database indexing for production {MegaBLAST} searches},
  journal = {Bioinformatics}
}


@article{circlator,
  doi = {10.1186/s13059-015-0849-0},
  url = {https://doi.org/10.1186/s13059-015-0849-0},
  year  = {2015},
  month = {dec},
  publisher = {Springer Nature},
  volume = {16},
  number = {1},
  author = {Martin Hunt and Nishadi De Silva and Thomas D. Otto and Julian Parkhill and Jacqueline A. Keane and Simon R. Harris},
  title = {Circlator: automated circularization of genome assemblies using long sequencing reads},
  journal = {Genome Biology}
}

@article{bench_ovl,
  doi = {10.1093/bioinformatics/btw811},
  url = {https://doi.org/10.1093/bioinformatics/btw811},
  year  = {2016},
  month = {dec},
  publisher = {Oxford University Press ({OUP})},
  pages = {btw811},
  author = {Justin Chu and Hamid Mohamadi and Ren{\'{e}} L. Warren and Chen Yang and Inan{\c{c}} Birol},
  title = {Innovations and challenges in detecting long read overlaps: an evaluation of the state-of-the-art},
  journal = {Bioinformatics}
}

@article{hybridspades,
  doi = {10.1093/bioinformatics/btv688},
  url = {https://doi.org/10.1093/bioinformatics/btv688},
  year  = {2015},
  month = {nov},
  publisher = {Oxford University Press ({OUP})},
  volume = {32},
  number = {7},
  pages = {1009--1015},
  author = {Dmitry Antipov and others},
  title = {{hybridSPAdes}: an algorithm for hybrid assembly of short and long reads},
  journal = {Bioinformatics}
}

@article{hunt2013reapr,
  title={{REAPR: a universal tool for genome assembly evaluation}},
  author={Hunt, Martin and Kikuchi, Taisei and Sanders, Mandy and Newbold, Chris and Berriman, Matthew and Otto, Thomas D},
  journal={Genome biology},
  volume={14},
  number={5},
  pages={R47},
  year={2013},
  publisher={BioMed Central}
}


@article{vezzi2012reevaluating,
  title={{Reevaluating assembly evaluations with feature response curves: GAGE and assemblathons}},
  author={Vezzi, Francesco and Narzisi, Giuseppe and Mishra, Bud},
  journal={PloS one},
  volume={7},
  number={12},
  pages={e52210},
  year={2012},
  publisher={Public Library of Science}
}


@article{walker2014pilon,
  title={Pilon: an integrated tool for comprehensive microbial variant detection and genome assembly improvement},
  author={Walker, Bruce J and others},
  journal={PloS one},
  volume={9},
  number={11},
  pages={e112963},
  year={2014},
  publisher={Public Library of Science}
}

@article{parks2015checkm,
  title={{CheckM}: assessing the quality of microbial genomes recovered from isolates, single cells, and metagenomes},
  author={Parks, Donovan H and others},
  journal={Genome research},
  pages={gr--186072},
  year={2015},
  publisher={Cold Spring Harbor Lab}
}

@article{rahman2013cgal,
  title={{CGAL: computing genome assembly likelihoods}},
  author={Rahman, Atif and Pachter, Lior},
  journal={Genome biology},
  volume={14},
  number={1},
  pages={R8},
  year={2013},
  publisher={BioMed Central}
}


@article{ghodsi2013novo,
  title={De novo likelihood-based measures for comparing genome assemblies},
  author={Ghodsi, Mohammadreza and Hill, Christopher M and Astrovskaya, Irina and Lin, Henry and Sommer, Dan D and Koren, Sergey and Pop, Mihai},
  journal={BMC research notes},
  volume={6},
  number={1},
  pages={334},
  year={2013},
  publisher={BioMed Central}
}


@article{kremer2017approaches,
  title={Approaches for in silico finishing of microbial genome sequences},
  author={Kremer, Frederico Schmitt and others},
  journal={Genetics and molecular biology},
  volume={40},
  number={3},
  pages={553--576},
  year={2017},
  publisher={SciELO Brasil}
}


@article{bosi2015medusa,
  title={{MeDuSa: a multi-draft based scaffolder}},
  author={Bosi, Emanuele and others},
  journal={Bioinformatics},
  volume={31},
  number={15},
  pages={2443--2451},
  year={2015},
  publisher={Oxford University Press}
}

@article {Lariviere347625,
	author = {Lariviere, Delphine and Mei, Han and Freeberg, Mallory and Taylor, James and Nekrutenko, Anton},
	title = {Understanding trivial challenges of microbial genomics: An assembly example},
	year = {2018},
	doi = {10.1101/347625},
	publisher = {Cold Spring Harbor Laboratory},
	URL = {https://www.biorxiv.org/content/early/2018/06/14/347625},
	eprint = {https://www.biorxiv.org/content/early/2018/06/14/347625.full.pdf},
	journal = {bioRxiv}
}


@article{utturkar2017case,
  title={A Case Study into Microbial Genome Assembly Gap Sequences and Finishing Strategies},
  author={Utturkar, Sagar M and others},
  journal={Frontiers in microbiology},
  volume={8},
  pages={1272},
  year={2017},
  publisher={Frontiers}
}


@article{zimin2013masurca,
  title={{The MaSuRCA genome assembler}},
  author={Zimin, Aleksey V and Mar{\c{c}}ais, Guillaume and Puiu, Daniela and Roberts, Michael and Salzberg, Steven L and Yorke, James A},
  journal={Bioinformatics},
  volume={29},
  number={21},
  pages={2669--2677},
  year={2013},
  publisher={Oxford University Press}
}

@article{abruijn,
  title={{Assembly of long error-prone reads using de Bruijn graphs}},
  author={Lin, Yu and  Yuan, Jeffrey and Kolmogorov, Mikhail and Shen, Max W and Chaisson, Mark and Pevzner, Pavel A},
  journal={Proceedings of the National Academy of Sciences},
  volume={113},
  number={52},
  pages={E8396--E8405},
  year={2016},
  publisher={National Acad Sciences}
}


@article{jackman2018tigmint,
  title={Tigmint: Correcting Assembly Errors Using Linked Reads From Large Molecules},
  author={Jackman, Shaun D and Coombe, Lauren and Chu, Justin and Warren, Rene L and Vandervalk, Benjamin P and Yeo, Sarah and Xue, Zhuyi and Mohamadi, Hamid and Bohlmann, Joerg and Jones, Steven JM and others},
  journal={bioRxiv},
  pages={304253},
  year={2018},
  publisher={Cold Spring Harbor Laboratory}
}


@article{alhakami2017comparative,
  title={A comparative evaluation of genome assembly reconciliation tools},
  author={Alhakami, Hind and Mirebrahim, Hamid and Lonardi, Stefano},
  journal={Genome biology},
  volume={18},
  number={1},
  pages={93},
  year={2017},
  publisher={BioMed Central}
}


@article{garrison2018variation,
  title={Variation graph toolkit improves read mapping by representing genetic variation in the reference},
  author={Garrison, Erik and Sir{\'e}n, Jouni and Novak, Adam M and Hickey, Glenn and Eizenga, Jordan M and Dawson, Eric T and Jones, William and Garg, Shilpa and Markello, Charles and Lin, Michael F and others},
  journal={Nature biotechnology},
  year={2018},
  publisher={Nature Publishing Group}
}

@article{snakemake,
  doi = {10.1093/bioinformatics/bts480},
  url = {https://doi.org/10.1093/bioinformatics/bts480},
  year  = {2012},
  month = {aug},
  publisher = {Oxford University Press ({OUP})},
  volume = {28},
  number = {19},
  pages = {2520--2522},
  author = {J. Koster and S. Rahmann},
  title = {Snakemake--a scalable bioinformatics workflow engine},
  journal = {Bioinformatics}
}

@article{Treangen2009,
  doi = {10.1111/j.1574-6976.2009.00169.x},
  url = {https://doi.org/10.1111/j.1574-6976.2009.00169.x},
  year  = {2009},
  month = {may},
  publisher = {Oxford University Press ({OUP})},
  volume = {33},
  number = {3},
  pages = {539--571},
  author = {Todd J. Treangen and Anne-Laure Abraham and Marie Touchon and Eduardo P.C. Rocha},
  title = {Genesis,  effects and fates of repeats in prokaryotic genomes},
  journal = {{FEMS} Microbiology Reviews}
}

@article{yacrd,
  author = {P. Marijon and R. Chikhi and J. Varré},
  title = {Optimizing the early steps of long-read genome assembly},
  year = {2019},
  note = {Manuscript in preparation}
}

